@article{DBLP:journals/corr/WangZ17c,
  author    = {Zhongqing Wang and
               Yue Zhang},
  title     = {Opinion Recommendation using Neural Memory Model},
  journal   = {CoRR},
  volume    = {abs/1702.01517},
  year      = {2017},
  url       = {http://arxiv.org/abs/1702.01517},
  archivePrefix = {arXiv},
  eprint    = {1702.01517},
  timestamp = {Wed, 07 Jun 2017 14:41:29 +0200},
  biburl    = {http://dblp.org/rec/bib/journals/corr/WangZ17c},
  bibsource = {dblp computer science bibliography, http://dblp.org}
}

@inproceedings{kumar2016ask,
  title={Ask me anything: Dynamic memory networks for natural language processing},
  author={Kumar, Ankit and Irsoy, Ozan and Ondruska, Peter and Iyyer, Mohit and Bradbury, James and Gulrajani, Ishaan and Zhong, Victor and Paulus, Romain and Socher, Richard},
  booktitle={International Conference on Machine Learning},
  pages={1378--1387},
  year={2016}
}

@inproceedings{xiong2016dynamic,
  title={Dynamic memory networks for visual and textual question answering},
  author={Xiong, Caiming and Merity, Stephen and Socher, Richard},
  booktitle={International Conference on Machine Learning},
  pages={2397--2406},
  year={2016}
}

@article{kingma2014adam,
  title={Adam: A method for stochastic optimization},
  author={Kingma, Diederik and Ba, Jimmy},
  journal={arXiv preprint arXiv:1412.6980},
  year={2014}
}

@article{o2010tweets,
  title={From tweets to polls: Linking text sentiment to public opinion time series.},
  author={O'Connor, Brendan and Balasubramanyan, Ramnath and Routledge, Bryan R and Smith, Noah A},
  journal={ICWSM},
  volume={11},
  number={122-129},
  pages={1--2},
  year={2010}
}

@inproceedings{bamman2015open,
  title={Open Extraction of Fine-Grained Political Statements.},
  author={Bamman, David and Smith, Noah A},
  booktitle={EMNLP},
  pages={76--85},
  year={2015}
}

@inproceedings{preoctiuc2017beyond,
  title={Beyond binary labels: political ideology prediction of twitter users},
  author={Preo{\c{t}}iuc-Pietro, Daniel and Liu, Ye and Hopkins, Daniel and Ungar, Lyle},
  booktitle={Proceedings of the 55th Annual Meeting of the Association for Computational Linguistics (Volume 1: Long Papers)},
  volume={1},
  pages={729--740},
  year={2017}
}

@article{hochreiter1997long,
  title={Long short-term memory},
  author={Hochreiter, Sepp and Schmidhuber, J{\"u}rgen},
  journal={Neural computation},
  volume={9},
  number={8},
  pages={1735--1780},
  year={1997},
  publisher={MIT Press}
}

@article{hinton2012improving,
  title={Improving neural networks by preventing co-adaptation of feature detectors},
  author={Hinton, Geoffrey E and Srivastava, Nitish and Krizhevsky, Alex and Sutskever, Ilya and Salakhutdinov, Ruslan R},
  journal={arXiv preprint arXiv:1207.0580},
  year={2012}
}

@article{maaten2008visualizing,
  title={Visualizing data using t-SNE},
  author={Maaten, Laurens van der and Hinton, Geoffrey},
  journal={Journal of Machine Learning Research},
  volume={9},
  number={Nov},
  pages={2579--2605},
  year={2008}
}

@article{rule2015lexical,
  title={Lexical shifts, substantive changes, and continuity in State of the Union discourse, 1790--2014},
  author={Rule, Alix and Cointet, Jean-Philippe and Bearman, Peter S},
  journal={Proceedings of the National Academy of Sciences},
  volume={112},
  number={35},
  pages={10837--10844},
  year={2015},
  publisher={National Acad Sciences}
}

@article{bail2016combining,
  title={Combining natural language processing and network analysis to examine how advocacy organizations stimulate conversation on social media},
  author={Bail, Christopher Andrew},
  journal={Proceedings of the National Academy of Sciences},
  volume={113},
  number={42},
  pages={11823--11828},
  year={2016},
  publisher={National Acad Sciences}
}

@article{gentzkow2010drives,
  title={What drives media slant? Evidence from US daily newspapers},
  author={Gentzkow, Matthew and Shapiro, Jesse M},
  journal={Econometrica},
  volume={78},
  number={1},
  pages={35--71},
  year={2010},
  publisher={Wiley Online Library}
}

@article{groseclose2005measure,
  title={A measure of media bias},
  author={Groseclose, Tim and Milyo, Jeffrey},
  journal={The Quarterly Journal of Economics},
  volume={120},
  number={4},
  pages={1191--1237},
  year={2005},
  publisher={MIT Press}
}

@inproceedings{mikolov2010recurrent,
  title={Recurrent neural network based language model.},
  author={Mikolov, Tomas and Karafi{\'a}t, Martin and Burget, Lukas and Cernock{\`y}, Jan and Khudanpur, Sanjeev},
  booktitle={Interspeech},
  volume={2},
  pages={3},
  year={2010}
}

@article{miwa2016end,
  title={End-to-end relation extraction using lstms on sequences and tree structures},
  author={Miwa, Makoto and Bansal, Mohit},
  journal={arXiv preprint arXiv:1601.00770},
  year={2016}
}

@article{zheng2017joint,
  title={Joint Extraction of Entities and Relations Based on a Novel Tagging Scheme},
  author={Zheng, Suncong and Wang, Feng and Bao, Hongyun and Hao, Yuexing and Zhou, Peng and Xu, Bo},
  journal={arXiv preprint arXiv:1706.05075},
  year={2017}
}

@article{nadeau2007survey,
  title={A survey of named entity recognition and classification},
  author={Nadeau, David and Sekine, Satoshi},
  journal={Lingvisticae Investigationes},
  volume={30},
  number={1},
  pages={3--26},
  year={2007},
  publisher={John Benjamins publishing company}
}

@inproceedings{rink2010utd,
  title={Utd: Classifying semantic relations by combining lexical and semantic resources},
  author={Rink, Bryan and Harabagiu, Sanda},
  booktitle={Proceedings of the 5th International Workshop on Semantic Evaluation},
  pages={256--259},
  year={2010},
  organization={Association for Computational Linguistics}
}

% Social science

@article{alicke2000culpable,
  title={Culpable control and the psychology of blame.},
  author={Alicke, Mark D},
  journal={Psychological bulletin},
  volume={126},
  number={4},
  pages={556},
  year={2000},
  publisher={American Psychological Association}
}

@article{boin2010leadership,
  title={Leadership style, crisis response and blame management: The case of Hurricane Katrina},
  author={Boin, Arjen and Hart, Paulâ€˜T and McConnell, Allan and Preston, Thomas},
  journal={Public Administration},
  volume={88},
  number={3},
  pages={706--723},
  year={2010},
  publisher={Wiley Online Library}
}

@misc{mary1992risk,
  title={Risk and Blame. Essays in Cultural Theory},
  author={Douglas, Mary},
  year={1992},
  publisher={Londres, Routledge}
}

@book{farmer2006aids,
  title={AIDS and Accusation: Haiti and the Geography of Blame},
  author={Farmer, Paul},
  year={2006},
  publisher={Univ of California Press}
}

@article{gephart1993textual,
  title={The textual approach: Risk and blame in disaster sensemaking},
  author={Gephart, Robert P},
  journal={Academy of Management Journal},
  volume={36},
  number={6},
  pages={1465--1514},
  year={1993},
  publisher={Academy of Management}
}

@book{hobolt2014blaming,
  title={Blaming europe?: Responsibility without accountability in the european union},
  author={Hobolt, Sara B and Tilley, James},
  year={2014},
  publisher={Oxford University Press}
}

@book{hood2010blame,
  title={The blame game: Spin, bureaucracy, and self-preservation in government},
  author={Hood, Christopher},
  year={2010},
  publisher={Princeton University Press}
}

@article{luttrell2013assessing,
  title={Assessing the costs and consequences of the 2007--09 financial crisis and its aftermath},
  author={Luttrell, David and Atkinson, Tyler and Rosenblum, Harvey and others},
  journal={Economic Letter},
  volume={8},
  year={2013},
  publisher={Federal Reserve Bank of Dallas}
}

@article{malhotra2008attributing,
  title={Attributing blame: The public's response to Hurricane Katrina},
  author={Malhotra, Neil and Kuo, Alexander G},
  journal={The Journal of Politics},
  volume={70},
  number={1},
  pages={120--135},
  year={2008},
  publisher={Cambridge University Press New York, USA}
}

@article{nicolno,
  title={No Body to Kick, No Soul to Damn: Responsibility and Accountability for the Financial Crisis (2007--2010)},
  author={Nicol, Olivia},
  journal={Journal of Business Ethics},
  pages={1--14},
  publisher={Springer},
  year={2016}
}

@article{olmeda2008reversal,
  title={A reversal of fortune: blame games and framing contests after the 3/11 terrorist attacks in Madrid},
  author={Olmeda, Jos{\'e} A},
  journal={by A. Boin, A. McConnell, P. Hart. Cambridge: Cambridge University Press},
  year={2008}
}

@book{shaver2012attribution,
  title={The attribution of blame: Causality, responsibility, and blameworthiness},
  author={Shaver, Kelly G},
  year={2012},
  publisher={Springer Science \& Business Media}
}

@book{tilly2009credit,
  title={Credit and blame},
  author={Tilly, Charles},
  year={2009},
  publisher={Princeton University Press}
}

@article{tourish2012metaphors,
  title={Metaphors of failure and the failures of metaphor: A critical study of root metaphors used by bankers in explaining the banking crisis},
  author={Tourish, Dennis and Hargie, Owen},
  journal={Organization Studies},
  volume={33},
  number={8},
  pages={1045--1069},
  year={2012},
  publisher={SAGE Publications Sage UK: London, England}
}

@InProceedings{manning-EtAl:2014:P14-5,
  author    = {Manning, Christopher D. and  Surdeanu, Mihai  and  Bauer, John  and  Finkel, Jenny  and  Bethard, Steven J. and  McClosky, David},
  title     = {The {Stanford} {CoreNLP} Natural Language Processing Toolkit},
  booktitle = {Association for Computational Linguistics (ACL) System Demonstrations},
  year      = {2014},
  pages     = {55--60},
  url       = {http://www.aclweb.org/anthology/P/P14/P14-5010}
}

@article{DBLP:journals/corr/abs-1301-3781,
  author    = {Tomas Mikolov and
               Kai Chen and
               Greg Corrado and
               Jeffrey Dean},
  title     = {Efficient Estimation of Word Representations in Vector Space},
  journal   = {CoRR},
  volume    = {abs/1301.3781},
  year      = {2013},
  url       = {http://arxiv.org/abs/1301.3781},
  archivePrefix = {arXiv},
  eprint    = {1301.3781},
  timestamp = {Wed, 07 Jun 2017 14:42:25 +0200},
  biburl    = {https://dblp.org/rec/bib/journals/corr/abs-1301-3781},
  bibsource = {dblp computer science bibliography, https://dblp.org}
}

@inproceedings{pennington2014glove,
  author = {Jeffrey Pennington and Richard Socher and Christopher D. Manning},
  booktitle = {Empirical Methods in Natural Language Processing (EMNLP)},
  title = {GloVe: Global Vectors for Word Representation},
  year = {2014},
  pages = {1532--1543},
  url = {http://www.aclweb.org/anthology/D14-1162},
}

@inproceedings{Peters:2018,
  author={Peters, Matthew E. and  Neumann, Mark and Iyyer, Mohit and Gardner, Matt and Clark, Christopher and Lee, Kenton and Zettlemoyer, Luke},
  title={Deep contextualized word representations},
  booktitle={Proc. of NAACL},
  year={2018}
}

@InProceedings{mohammad-EtAl:2016:SemEval,
  author    = {Mohammad, Saif  and  Kiritchenko, Svetlana  and  Sobhani, Parinaz  and  Zhu, Xiaodan  and  Cherry, Colin},
  title     = {SemEval-2016 Task 6: Detecting Stance in Tweets},
  booktitle = {Proceedings of the 10th International Workshop on Semantic Evaluation (SemEval-2016)},
  month     = {June},
  year      = {2016},
  address   = {San Diego, California},
  publisher = {Association for Computational Linguistics},
  pages     = {31--41},
  url       = {http://www.aclweb.org/anthology/S16-1003}
}
